<record><leader>00000cas a2200000 a 4500</leader><controlfield tag="001">2263934</controlfield><controlfield tag="008">760620d18962015paudn ne      0    0eng c</controlfield><datafield ind1=" " ind2=" " tag="010"><subfield code="a">sn 86083226 </subfield></datafield><datafield ind1=" " ind2=" " tag="040"><subfield code="a">PIT</subfield><subfield code="b">eng</subfield><subfield code="c">PIT</subfield><subfield code="d">NPH</subfield><subfield code="d">DLC</subfield><subfield code="d">NPH</subfield><subfield code="d">OCL</subfield><subfield code="d">NYS</subfield><subfield code="d">OCLCQ</subfield><subfield code="d">OCLCF</subfield><subfield code="d">OCLCO</subfield><subfield code="d">UPM</subfield></datafield><datafield ind1=" " ind2=" " tag="037"><subfield code="b">The Daily News Publishing Co., 409 Walnut St, McKeesport, PA, 15132</subfield></datafield><datafield ind1=" " ind2=" " tag="042"><subfield code="a">pcc</subfield></datafield><datafield ind1=" " ind2=" " tag="043"><subfield code="a">n-us-pa</subfield></datafield><datafield ind1="0" ind2="0" tag="050"><subfield code="a">Newspaper</subfield></datafield><datafield ind1="0" ind2=" " tag="130"><subfield code="a">Daily news (McKeesport, Pa.)</subfield></datafield><datafield ind1="1" ind2="4" tag="245"><subfield code="a">The daily news.</subfield></datafield><datafield ind1=" " ind2=" " tag="260"><subfield code="a">McKeesport, Pa. :</subfield><subfield code="b">Daily News Pub. Co.,</subfield><subfield code="c">1896-</subfield></datafield><datafield ind1=" " ind2=" " tag="300"><subfield code="a">v. :</subfield><subfield code="b">ill. (some col.) ;</subfield><subfield code="c">58 cm.</subfield></datafield><datafield ind1=" " ind2=" " tag="310"><subfield code="a">Daily (except Sunday)</subfield></datafield><datafield ind1="0" ind2=" " tag="362"><subfield code="a">Vol. 24, no. 62 (Mar. 13, 1896)-</subfield></datafield><datafield ind1="1" ind2=" " tag="362"><subfield code="a">Ceased with the Thursday, December 31, 2015 edition (volume 270, number 157).</subfield></datafield><datafield ind1=" " ind2=" " tag="500"><subfield code="a">Official newspaper of the cities of McKeesport, Duquesne and Clairton, Boroughs of Dravosburg, East McKeesport, Elizabeth, Glassport, Jefferson, Liberty, Lincoln, Pleasant Hills, Port Vue, Versailles, Wall, West Elizabeth, West Mifflin, Whitaker, Wilmerding, White Oak, and the townships of Elizabeth, Forward, North Versailles, and South Versailles.</subfield></datafield><datafield ind1=" " ind2=" " tag="588"><subfield code="a">Latest issue consulted: Vol. 239, no. 48 (Aug. 4, 2000).</subfield></datafield><datafield ind1=" " ind2="0" tag="651"><subfield code="a">McKeesport (Pa.)</subfield><subfield code="v">Newspapers.</subfield></datafield><datafield ind1=" " ind2="0" tag="651"><subfield code="a">Allegheny County (Pa.)</subfield><subfield code="v">Newspapers.</subfield></datafield><datafield ind1=" " ind2="7" tag="651"><subfield code="a">Pennsylvania</subfield><subfield code="z">Allegheny County.</subfield><subfield code="2">fast</subfield><subfield code="0">(OCoLC)fst01209250</subfield></datafield><datafield ind1=" " ind2="7" tag="651"><subfield code="a">Pennsylvania</subfield><subfield code="z">McKeesport.</subfield><subfield code="2">fast</subfield><subfield code="0">(OCoLC)fst01224028</subfield></datafield><datafield ind1=" " ind2="7" tag="655"><subfield code="a">Newspapers.</subfield><subfield code="2">fast</subfield><subfield code="0">(OCoLC)fst01423814</subfield></datafield><datafield ind1=" " ind2=" " tag="752"><subfield code="a">United States</subfield><subfield code="b">Pennsylvania</subfield><subfield code="c">Allegheny</subfield><subfield code="d">McKeesport.</subfield></datafield><datafield ind1="0" ind2="0" tag="780"><subfield code="t">McKeesport daily news</subfield><subfield code="w">(DLC)sn 88079439</subfield><subfield code="w">(OCoLC)18278819</subfield></datafield><datafield ind1="1" ind2=" " tag="029"><subfield code="a">AU@</subfield><subfield code="b">000020450055</subfield></datafield></record>